@book{wallis1972arithmetica,
  title={Arithmetica infinitorum},
  author={Wallis, John},
  year={1972}
}

@article{hemmerling2002effective,
  title={Effective metric spaces and representations of the reals},
  author={Hemmerling, Armin},
  journal={Theoretical Computer Science},
  volume={284},
  number={2},
  pages={347--372},
  year={2002},
  publisher={Elsevier}
}

@book{weihrauch2012computable,
  title={Computable analysis: an introduction},
  author={Weihrauch, Klaus},
  year={2012},
  publisher={Springer Science \& Business Media}
}

@article{dutka1991early,
  title={The early history of the factorial function},
  author={Dutka, Jacques},
  journal={Archive for history of exact sciences},
  pages={225--249},
  year={1991},
  publisher={JSTOR}
}

@book{tweddle2003james,
  title={James Stirling's Methodus Differentialis: an annotated translation of Stirling's text},
  author={Tweddle, Ian},
  year={2003},
  publisher={Springer}
}

@article{torricellidimensione,
  title={De dimensione parabolae},
  author={Torricelli, Evangelista},
  journal={Opera Geometrica}
}

@article{mostowski1957computable,
  title={On computable sequences},
  author={Mostowski, Andrzej},
  journal={Fundamenta mathematicae},
  volume={44},
  pages={37--51},
  year={1957},
  publisher={Instytut Matematyczny Polskiej Akademii Nauk}
}

@MISC {4751976,
    TITLE = {Convergence of generalized harmonic series},
    AUTHOR = {robjohn (https://math.stackexchange.com/users/13854/robjohn)},
    HOWPUBLISHED = {Mathematics Stack Exchange},
    NOTE = {URL:https://math.stackexchange.com/q/4751976 (version: 2023-08-13)},
    EPRINT = {https://math.stackexchange.com/q/4751976},
    URL = {https://math.stackexchange.com/q/4751976}
}

@misc{gosper2003continued,
  title={Continued Fraction Arithmetic (Unfinished)},
  author={Gosper, Bill},
  year={2003},
  publisher={Retrieved Monday March}
}

@techreport{gosper1977continued,
  title={Continued fraction arithmetic},
  author={Gosper, Ralph W},
  year={1977},
  institution={Technical Report HAKMEM Item}
}